@misc{zhu,
	title = "A Group Common Community Conversation - C\textsuperscript{3} Service Across Different Social Networks",
	author = "Zhongwen Zhu and Martin Cayouette and Francis Pag√©",
	year = 2012
}
@article{mahajan2013forensic,
  title={Forensic analysis of instant messenger applications on android devices},
  author={Mahajan, Aditya and Dahiya, MS and Sanghvi, HP},
  journal={arXiv preprint arXiv:1304.4915},
  year={2013}
}
