@misc{zhu,
	title = "A Group Common Community Conversation - C\textsuperscript{3} Service Across Different Social Networks",
	author = "Zhongwen Zhu and Martin Cayouette and Francis Pag√©",
	year = 2012
}

